@article{l1,
author = {Langford, John and Li, Lihong and Zhang, Tong},
title = {Sparse Online Learning via Truncated Gradient},
year = {2009},
volume = {10},
journal = {Journal of Machine Learning Research},
pages = {777â€“801},
}
